[
  {
    "bot_name": "test-v3-btc",
    "orderId": "2302271114",
    "side": "sell",
    "price": 91730.92413539145,
    "amount": 0.00112,
    "timestamp": "2025-12-15T14:06:51.298Z",
    "type": "simulated"
  },
  {
    "bot_name": "test-v3-btc",
    "orderId": "2302271115",
    "side": "sell",
    "price": 91730.92413539145,
    "amount": 0.00111,
    "timestamp": "2025-12-15T14:06:51.298Z",
    "type": "simulated"
  },
  {
    "bot_name": "test-v3-btc",
    "orderId": "2302271116",
    "side": "sell",
    "price": 91730.92413539145,
    "amount": 0.0011,
    "timestamp": "2025-12-15T14:06:51.298Z",
    "type": "simulated"
  },
  {
    "bot_name": "test-v3-btc",
    "orderId": "2302271117",
    "side": "sell",
    "price": 91730.92413539145,
    "amount": 0.0011,
    "timestamp": "2025-12-15T14:06:51.299Z",
    "type": "simulated"
  },
  {
    "bot_name": "test-v3-btc",
    "orderId": "2302271118",
    "side": "sell",
    "price": 91730.92413539145,
    "amount": 0.00109,
    "timestamp": "2025-12-15T14:06:51.299Z",
    "type": "simulated"
  },
  {
    "bot_name": "test-v3-btc",
    "orderId": "test-v3-btc-1765807611299-hoytrm8tx",
    "side": "buy",
    "price": 89259.64316733417,
    "amount": 0.0011,
    "timestamp": "2025-12-15T14:06:51.502Z",
    "type": "simulated"
  },
  {
    "bot_name": "test-v3-btc",
    "orderId": "test-v3-btc-1765807611300-39r8kzd86",
    "side": "buy",
    "price": 89259.64316733417,
    "amount": 0.0011,
    "timestamp": "2025-12-15T14:06:51.502Z",
    "type": "simulated"
  },
  {
    "bot_name": "test-v3-btc",
    "orderId": "test-v3-btc-1765807611300-25uh2itwc",
    "side": "buy",
    "price": 89259.64316733417,
    "amount": 0.00109,
    "timestamp": "2025-12-15T14:06:51.502Z",
    "type": "simulated"
  },
  {
    "bot_name": "test-v3-btc",
    "orderId": "2302271111",
    "side": "buy",
    "price": 86572.59924980011,
    "amount": 0.00114,
    "timestamp": "2025-12-15T14:06:51.605Z",
    "type": "simulated"
  },
  {
    "bot_name": "test-v3-btc",
    "orderId": "2302271112",
    "side": "buy",
    "price": 86572.59924980011,
    "amount": 0.00114,
    "timestamp": "2025-12-15T14:06:51.605Z",
    "type": "simulated"
  },
  {
    "bot_name": "test-v3-btc",
    "orderId": "2302271113",
    "side": "buy",
    "price": 86572.59924980011,
    "amount": 0.00113,
    "timestamp": "2025-12-15T14:06:51.605Z",
    "type": "simulated"
  },
  {
    "bot_name": "test-v3-btc",
    "orderId": "test-v3-btc-1765807611299-5zv54efr0",
    "side": "buy",
    "price": 86572.59924980011,
    "amount": 0.00112,
    "timestamp": "2025-12-15T14:06:51.606Z",
    "type": "simulated"
  },
  {
    "bot_name": "test-v3-btc",
    "orderId": "test-v3-btc-1765807611299-6nvjapp2c",
    "side": "buy",
    "price": 86572.59924980011,
    "amount": 0.00111,
    "timestamp": "2025-12-15T14:06:51.606Z",
    "type": "simulated"
  },
  {
    "bot_name": "test-v3-btc",
    "orderId": "test-v3-btc-1765807611606-k8lmb67bm",
    "side": "sell",
    "price": 89184.17290060649,
    "amount": 0.00114,
    "timestamp": "2025-12-15T14:07:41.225Z",
    "type": "simulated"
  },
  {
    "bot_name": "test-v3-btc",
    "orderId": "test-v3-btc-1765807611606-7upyg686r",
    "side": "sell",
    "price": 89184.17290060649,
    "amount": 0.00114,
    "timestamp": "2025-12-15T14:07:41.226Z",
    "type": "simulated"
  },
  {
    "bot_name": "test-v3-btc",
    "orderId": "test-v3-btc-1765807611606-jfwrx272b",
    "side": "sell",
    "price": 89184.17290060649,
    "amount": 0.00113,
    "timestamp": "2025-12-15T14:07:41.226Z",
    "type": "simulated"
  },
  {
    "bot_name": "test-v3-btc",
    "orderId": "test-v3-btc-1765807611606-mi906smni",
    "side": "sell",
    "price": 89184.17290060649,
    "amount": 0.00112,
    "timestamp": "2025-12-15T14:07:41.226Z",
    "type": "simulated"
  },
  {
    "bot_name": "test-v3-btc",
    "orderId": "test-v3-btc-1765807611503-tu3wewmtw",
    "side": "sell",
    "price": 91333.86455229562,
    "amount": 0.0011,
    "timestamp": "2025-12-15T14:07:41.330Z",
    "type": "simulated"
  },
  {
    "bot_name": "test-v3-btc",
    "orderId": "test-v3-btc-1765807611503-qytcy3l5m",
    "side": "sell",
    "price": 91333.86455229562,
    "amount": 0.0011,
    "timestamp": "2025-12-15T14:07:41.330Z",
    "type": "simulated"
  },
  {
    "bot_name": "test-v3-btc",
    "orderId": "test-v3-btc-1765807611606-uxj2gsz22",
    "side": "sell",
    "price": 91333.86455229562,
    "amount": 0.00111,
    "timestamp": "2025-12-15T14:07:41.330Z",
    "type": "simulated"
  },
  {
    "bot_name": "test-v3-btc",
    "orderId": "test-v3-btc-1765807611503-a80gynt35",
    "side": "sell",
    "price": 91869.41485506821,
    "amount": 0.00109,
    "timestamp": "2025-12-15T14:07:41.432Z",
    "type": "simulated"
  },
  {
    "bot_name": "test-v3-btc",
    "orderId": "test-v3-btc-1765807661331-z0ysixah5",
    "side": "buy",
    "price": 89123.61201874189,
    "amount": 0.0011,
    "timestamp": "2025-12-15T14:07:41.534Z",
    "type": "simulated"
  },
  {
    "bot_name": "test-v3-btc",
    "orderId": "test-v3-btc-1765807661331-t2kdtdcz5",
    "side": "buy",
    "price": 89123.61201874189,
    "amount": 0.0011,
    "timestamp": "2025-12-15T14:07:41.534Z",
    "type": "simulated"
  },
  {
    "bot_name": "test-v3-btc",
    "orderId": "test-v3-btc-1765807661433-8rvx5f93g",
    "side": "buy",
    "price": 89123.61201874189,
    "amount": 0.00109,
    "timestamp": "2025-12-15T14:07:41.535Z",
    "type": "simulated"
  },
  {
    "bot_name": "test-v3-btc",
    "orderId": "2302271110",
    "side": "buy",
    "price": 86235.1026544628,
    "amount": 0.00115,
    "timestamp": "2025-12-15T14:07:41.637Z",
    "type": "simulated"
  },
  {
    "bot_name": "test-v3-btc",
    "orderId": "test-v3-btc-1765807661227-rdi7no69b",
    "side": "buy",
    "price": 86235.1026544628,
    "amount": 0.00114,
    "timestamp": "2025-12-15T14:07:41.637Z",
    "type": "simulated"
  },
  {
    "bot_name": "test-v3-btc",
    "orderId": "test-v3-btc-1765807661227-rw2fmn4xl",
    "side": "buy",
    "price": 86235.1026544628,
    "amount": 0.00114,
    "timestamp": "2025-12-15T14:07:41.638Z",
    "type": "simulated"
  },
  {
    "bot_name": "test-v3-btc",
    "orderId": "test-v3-btc-1765807661227-h7co0u0ss",
    "side": "buy",
    "price": 86235.1026544628,
    "amount": 0.00113,
    "timestamp": "2025-12-15T14:07:41.638Z",
    "type": "simulated"
  },
  {
    "bot_name": "test-v3-btc",
    "orderId": "test-v3-btc-1765807661227-6igou40fr",
    "side": "buy",
    "price": 86235.1026544628,
    "amount": 0.00112,
    "timestamp": "2025-12-15T14:07:41.638Z",
    "type": "simulated"
  },
  {
    "bot_name": "test-v3-btc",
    "orderId": "test-v3-btc-1765807661331-zgoc41vrs",
    "side": "buy",
    "price": 86235.1026544628,
    "amount": 0.00111,
    "timestamp": "2025-12-15T14:07:41.638Z",
    "type": "simulated"
  },
  {
    "bot_name": "test-v3-btc",
    "orderId": "test-v3-btc-1765807661639-l1fs8sbcw",
    "side": "sell",
    "price": 89082.68283288529,
    "amount": 0.00115,
    "timestamp": "2025-12-15T14:07:41.843Z",
    "type": "simulated"
  },
  {
    "bot_name": "test-v3-btc",
    "orderId": "test-v3-btc-1765807661639-v07ar1sfc",
    "side": "sell",
    "price": 89082.68283288529,
    "amount": 0.00114,
    "timestamp": "2025-12-15T14:07:41.843Z",
    "type": "simulated"
  },
  {
    "bot_name": "test-v3-btc",
    "orderId": "test-v3-btc-1765807661639-lhbojxor5",
    "side": "sell",
    "price": 89082.68283288529,
    "amount": 0.00114,
    "timestamp": "2025-12-15T14:07:41.843Z",
    "type": "simulated"
  },
  {
    "bot_name": "test-v3-btc",
    "orderId": "test-v3-btc-1765807661639-b5q37zc6w",
    "side": "sell",
    "price": 89082.68283288529,
    "amount": 0.00113,
    "timestamp": "2025-12-15T14:07:41.844Z",
    "type": "simulated"
  },
  {
    "bot_name": "test-v3-btc",
    "orderId": "test-v3-btc-1765807661639-kz0ww6v45",
    "side": "sell",
    "price": 89082.68283288529,
    "amount": 0.00112,
    "timestamp": "2025-12-15T14:07:41.844Z",
    "type": "simulated"
  },
  {
    "bot_name": "test-v3-btc",
    "orderId": "test-v3-btc-1765807661535-a1hfw9ga9",
    "side": "sell",
    "price": 91426.35859953666,
    "amount": 0.0011,
    "timestamp": "2025-12-15T14:07:41.946Z",
    "type": "simulated"
  },
  {
    "bot_name": "test-v3-btc",
    "orderId": "test-v3-btc-1765807661535-cagds9vk4",
    "side": "sell",
    "price": 91426.35859953666,
    "amount": 0.0011,
    "timestamp": "2025-12-15T14:07:41.946Z",
    "type": "simulated"
  },
  {
    "bot_name": "test-v3-btc",
    "orderId": "test-v3-btc-1765807661536-m4apa3tzz",
    "side": "sell",
    "price": 91426.35859953666,
    "amount": 0.00109,
    "timestamp": "2025-12-15T14:07:41.947Z",
    "type": "simulated"
  },
  {
    "bot_name": "test-v3-btc",
    "orderId": "test-v3-btc-1765807661640-jp4z197it",
    "side": "sell",
    "price": 91426.35859953666,
    "amount": 0.00111,
    "timestamp": "2025-12-15T14:07:41.947Z",
    "type": "simulated"
  },
  {
    "bot_name": "test-v3-btc",
    "orderId": "test-v3-btc-1765807661948-fbm2rujl5",
    "side": "buy",
    "price": 88792.47347750553,
    "amount": 0.0011,
    "timestamp": "2025-12-15T14:07:42.150Z",
    "type": "simulated"
  },
  {
    "bot_name": "test-v3-btc",
    "orderId": "test-v3-btc-1765807661948-oefzdu81x",
    "side": "buy",
    "price": 88792.47347750553,
    "amount": 0.0011,
    "timestamp": "2025-12-15T14:07:42.151Z",
    "type": "simulated"
  },
  {
    "bot_name": "test-v3-btc",
    "orderId": "test-v3-btc-1765807661948-pciw5kuvr",
    "side": "buy",
    "price": 88792.47347750553,
    "amount": 0.00109,
    "timestamp": "2025-12-15T14:07:42.151Z",
    "type": "simulated"
  },
  {
    "bot_name": "test-v3-btc",
    "orderId": "test-v3-btc-1765807661844-2h4ui1qyt",
    "side": "buy",
    "price": 86437.50285022196,
    "amount": 0.00114,
    "timestamp": "2025-12-15T14:07:42.253Z",
    "type": "simulated"
  },
  {
    "bot_name": "test-v3-btc",
    "orderId": "test-v3-btc-1765807661845-3z41bbgz8",
    "side": "buy",
    "price": 86437.50285022196,
    "amount": 0.00114,
    "timestamp": "2025-12-15T14:07:42.253Z",
    "type": "simulated"
  },
  {
    "bot_name": "test-v3-btc",
    "orderId": "test-v3-btc-1765807661845-b8xeqvgeg",
    "side": "buy",
    "price": 86437.50285022196,
    "amount": 0.00113,
    "timestamp": "2025-12-15T14:07:42.253Z",
    "type": "simulated"
  },
  {
    "bot_name": "test-v3-btc",
    "orderId": "test-v3-btc-1765807661845-g1430csqi",
    "side": "buy",
    "price": 86437.50285022196,
    "amount": 0.00112,
    "timestamp": "2025-12-15T14:07:42.254Z",
    "type": "simulated"
  },
  {
    "bot_name": "test-v3-btc",
    "orderId": "test-v3-btc-1765807661948-4gm06awv5",
    "side": "buy",
    "price": 86437.50285022196,
    "amount": 0.00111,
    "timestamp": "2025-12-15T14:07:42.254Z",
    "type": "simulated"
  },
  {
    "bot_name": "test-v3-btc",
    "orderId": "test-v3-btc-1765807662254-u2kfypnnj",
    "side": "sell",
    "price": 88825.9594004257,
    "amount": 0.00114,
    "timestamp": "2025-12-15T14:07:42.457Z",
    "type": "simulated"
  },
  {
    "bot_name": "test-v3-btc",
    "orderId": "test-v3-btc-1765807662254-ilvqguj6e",
    "side": "sell",
    "price": 88825.9594004257,
    "amount": 0.00114,
    "timestamp": "2025-12-15T14:07:42.457Z",
    "type": "simulated"
  },
  {
    "bot_name": "test-v3-btc",
    "orderId": "test-v3-btc-1765807662151-k7iv2jrqm",
    "side": "sell",
    "price": 91623.39219068336,
    "amount": 0.0011,
    "timestamp": "2025-12-15T14:07:42.558Z",
    "type": "simulated"
  },
  {
    "bot_name": "test-v3-btc",
    "orderId": "test-v3-btc-1765807662151-c5apd50b5",
    "side": "sell",
    "price": 91623.39219068336,
    "amount": 0.0011,
    "timestamp": "2025-12-15T14:07:42.559Z",
    "type": "simulated"
  },
  {
    "bot_name": "test-v3-btc",
    "orderId": "test-v3-btc-1765807662151-8fay4hyze",
    "side": "sell",
    "price": 91623.39219068336,
    "amount": 0.00109,
    "timestamp": "2025-12-15T14:07:42.559Z",
    "type": "simulated"
  },
  {
    "bot_name": "test-v3-btc",
    "orderId": "test-v3-btc-1765807662254-c05rwkt40",
    "side": "sell",
    "price": 91623.39219068336,
    "amount": 0.00113,
    "timestamp": "2025-12-15T14:07:42.559Z",
    "type": "simulated"
  },
  {
    "bot_name": "test-v3-btc",
    "orderId": "test-v3-btc-1765807662254-5wuhpxxb4",
    "side": "sell",
    "price": 91623.39219068336,
    "amount": 0.00112,
    "timestamp": "2025-12-15T14:07:42.559Z",
    "type": "simulated"
  },
  {
    "bot_name": "test-v3-btc",
    "orderId": "test-v3-btc-1765807662254-gf35thaol",
    "side": "sell",
    "price": 91623.39219068336,
    "amount": 0.00111,
    "timestamp": "2025-12-15T14:07:42.560Z",
    "type": "simulated"
  },
  {
    "bot_name": "test-v3-btc",
    "orderId": "test-v3-btc-1765807662560-qauzipjjl",
    "side": "buy",
    "price": 88718.25553757261,
    "amount": 0.0011,
    "timestamp": "2025-12-15T14:07:42.763Z",
    "type": "simulated"
  },
  {
    "bot_name": "test-v3-btc",
    "orderId": "test-v3-btc-1765807662560-mw23zhs6b",
    "side": "buy",
    "price": 88718.25553757261,
    "amount": 0.0011,
    "timestamp": "2025-12-15T14:07:42.763Z",
    "type": "simulated"
  },
  {
    "bot_name": "test-v3-btc",
    "orderId": "test-v3-btc-1765807662560-mfvhsqxt6",
    "side": "buy",
    "price": 88718.25553757261,
    "amount": 0.00109,
    "timestamp": "2025-12-15T14:07:42.764Z",
    "type": "simulated"
  },
  {
    "bot_name": "test-v3-btc",
    "orderId": "test-v3-btc-1765807661844-ka77ntief",
    "side": "buy",
    "price": 86112.3428755856,
    "amount": 0.00115,
    "timestamp": "2025-12-15T14:07:42.865Z",
    "type": "simulated"
  },
  {
    "bot_name": "test-v3-btc",
    "orderId": "test-v3-btc-1765807662458-undvr7fe2",
    "side": "buy",
    "price": 86112.3428755856,
    "amount": 0.00114,
    "timestamp": "2025-12-15T14:07:42.866Z",
    "type": "simulated"
  },
  {
    "bot_name": "test-v3-btc",
    "orderId": "test-v3-btc-1765807662458-7v4g65br8",
    "side": "buy",
    "price": 86112.3428755856,
    "amount": 0.00114,
    "timestamp": "2025-12-15T14:07:42.866Z",
    "type": "simulated"
  },
  {
    "bot_name": "test-v3-btc",
    "orderId": "test-v3-btc-1765807662560-tnb7b0tpa",
    "side": "buy",
    "price": 86112.3428755856,
    "amount": 0.00113,
    "timestamp": "2025-12-15T14:07:42.866Z",
    "type": "simulated"
  },
  {
    "bot_name": "test-v3-btc",
    "orderId": "test-v3-btc-1765807662560-lgk2fpceh",
    "side": "buy",
    "price": 86112.3428755856,
    "amount": 0.00112,
    "timestamp": "2025-12-15T14:07:42.867Z",
    "type": "simulated"
  },
  {
    "bot_name": "test-v3-btc",
    "orderId": "test-v3-btc-1765807662560-hqip6l2t2",
    "side": "buy",
    "price": 86112.3428755856,
    "amount": 0.00111,
    "timestamp": "2025-12-15T14:07:42.867Z",
    "type": "simulated"
  },
  {
    "bot_name": "test-v3-btc",
    "orderId": "test-v3-btc-1765807662868-0dw9r523y",
    "side": "sell",
    "price": 89045.85206185441,
    "amount": 0.00115,
    "timestamp": "2025-12-15T14:07:43.070Z",
    "type": "simulated"
  },
  {
    "bot_name": "test-v3-btc",
    "orderId": "test-v3-btc-1765807662868-5csmf4d05",
    "side": "sell",
    "price": 89045.85206185441,
    "amount": 0.00114,
    "timestamp": "2025-12-15T14:07:43.070Z",
    "type": "simulated"
  },
  {
    "bot_name": "test-v3-btc",
    "orderId": "test-v3-btc-1765807662868-wa25ytif0",
    "side": "sell",
    "price": 89045.85206185441,
    "amount": 0.00114,
    "timestamp": "2025-12-15T14:07:43.071Z",
    "type": "simulated"
  },
  {
    "bot_name": "test-v3-btc",
    "orderId": "test-v3-btc-1765807662868-rn7gj0fxu",
    "side": "sell",
    "price": 89045.85206185441,
    "amount": 0.00113,
    "timestamp": "2025-12-15T14:07:43.071Z",
    "type": "simulated"
  },
  {
    "bot_name": "test-v3-btc",
    "orderId": "test-v3-btc-1765807662868-nezwc75hv",
    "side": "sell",
    "price": 89045.85206185441,
    "amount": 0.00112,
    "timestamp": "2025-12-15T14:07:43.071Z",
    "type": "simulated"
  },
  {
    "bot_name": "test-v3-btc",
    "orderId": "test-v3-btc-1765807662764-ij8qlulrs",
    "side": "sell",
    "price": 91754.71318092674,
    "amount": 0.0011,
    "timestamp": "2025-12-15T14:07:43.173Z",
    "type": "simulated"
  },
  {
    "bot_name": "test-v3-btc",
    "orderId": "test-v3-btc-1765807662764-wmatxge2r",
    "side": "sell",
    "price": 91754.71318092674,
    "amount": 0.0011,
    "timestamp": "2025-12-15T14:07:43.173Z",
    "type": "simulated"
  },
  {
    "bot_name": "test-v3-btc",
    "orderId": "test-v3-btc-1765807662764-4x6zrz54u",
    "side": "sell",
    "price": 91754.71318092674,
    "amount": 0.00109,
    "timestamp": "2025-12-15T14:07:43.173Z",
    "type": "simulated"
  },
  {
    "bot_name": "test-v3-btc",
    "orderId": "test-v3-btc-1765807662868-rnxq4any4",
    "side": "sell",
    "price": 91754.71318092674,
    "amount": 0.00111,
    "timestamp": "2025-12-15T14:07:43.174Z",
    "type": "simulated"
  }
]